@incollection{NaClSecurity,
title={The security impact of a new cryptographic library},
author={Bernstein, Daniel J and Lange, Tanja and Schwabe, Peter},
booktitle={Progress in Cryptology--{LATINCRYPT} 2012},
pages={159--176},
year={2012},
publisher={Springer}
}

@misc{NaClDoc,
title={{NaCl} reference},
year=2013,
author={Bernstein, Daniel J and Lange, Tanja and Schwabe, Peter},
note = {\url{https://nacl.cr.yp.to/}}
}

@misc{PyNaClDoc,
title={{PyNaCl} reference},
year=2013,
author={Donald Stufft and contributors},
note = {\url{https://pynacl.readthedocs.org/}}
}

@misc{PythonDoc,
title={Python 3 Documentation},
year=2015,
author={{Python Software Foundation}},
note = {\url{https://docs.python.org/3/}}
}

@article{UDP,
title={{RFC 768: User datagram protocol}},
year={1980},
author={Postel, Jon},
journal={\url{https://tools.ietf.org/html/rfc768}}
}

@article{Anycast,
title={{RFC 7094: Architectural Considerations of IP Anycast}},
year={2014},
author={D. McPherson and D. Oran and D. Thaler and E. Osterweil},
journal={\url{https://tools.ietf.org/html/rfc7094}}
}

@book{UllmanDB,
title={Principles of database systems},
author={Ullman, Jeffrey D},
year={1984},
publisher={Galgotia publications}
}
